<?xml version="1.0" encoding="UTF-8"?><collection xmlns="http://www.loc.gov/MARC21/slim"><record><leader>00491nam--2200133-i-4500</leader><controlfield tag="001">000029729</controlfield><controlfield tag="002">20161230</controlfield><controlfield tag="005">20161230201037</controlfield><controlfield tag="008">060222s1000------------r-----000-0-eng-d</controlfield><datafield ind1=" " ind2=" " tag="080"><subfield code="a">621.375.826</subfield></datafield><datafield ind1=" " ind2=" " tag="245"><subfield code="a">Lasers and applications a volume dedicated to all those who invented the laser and made possible its application in science and technology</subfield></datafield><datafield ind1=" " ind2=" " tag="260"><subfield code="a">Bucharest, Central Institute Of Physics, 1985, Iv + 375p</subfield></datafield><datafield ind1=" " ind2=" " tag="700"><subfield code="a">I.Ursu, V.Vasiliu, I.A.Dorobantu, V. Draganescu</subfield></datafield><datafield ind1=" " ind2=" " tag="852"><subfield code="a">72798</subfield></datafield></record></collection>